@BOOK{2013fgu..book.....L,
   author = {{Loeb}, A. and {Furlanetto}, S.~R.},
    title = "{The First Galaxies in the Universe}",
booktitle = {The First Galaxies in the Universe, by Abraham Loeb and Steven R.~Furlanetto.~ ISBN: 9780691144917.~ Princeton, NJ: Princeton University Press},
     year = 2013,
   adsurl = {https://ui.adsabs.harvard.edu/abs/2013fgu..book.....L},
  adsnote = {Provided by the SAO/NASA Astrophysics Data System}
}

@ARTICLE{2017ApJ...838...65P,
       author = {{Patil}, A.~H. and {Yatawatta}, S. and {Koopmans}, L.~V.~E. and
         {de Bruyn}, A.~G. and {Brentjens}, M.~A. and {Zaroubi}, S. and
         {Asad}, K.~M.~B. and {Hatef}, M. and {Jeli{\'c}}, V. and {Mevius}, M. and
         {Offringa}, A.~R. and {Pandey}, V.~N. and {Vedantham}, H. and
         {Abdalla}, F.~B. and {Brouw}, W.~N. and {Chapman}, E. and {Ciardi}, B. and
         {Gehlot}, B.~K. and {Ghosh}, A. and {Harker}, G. and {Iliev}, I.~T. and
         {Kakiichi}, K. and {Majumdar}, S. and {Mellema}, G. and {Silva}, M.~B. and
         {Schaye}, J. and {Vrbanec}, D. and {Wijnholds}, S.~J.},
        title = "{Upper Limits on the 21 cm Epoch of Reionization Power Spectrum from One Night with LOFAR}",
      journal = {\apj},
     keywords = {dark ages, reionization, first stars, Astrophysics - Cosmology and Nongalactic Astrophysics, Astrophysics - Instrumentation and Methods for Astrophysics},
         year = "2017",
        month = "Mar",
       volume = {838},
       number = {1},
          eid = {65},
        pages = {65},
          doi = {10.3847/1538-4357/aa63e7},
archivePrefix = {arXiv},
       eprint = {1702.08679},
 primaryClass = {astro-ph.CO},
       adsurl = {https://ui.adsabs.harvard.edu/abs/2017ApJ...838...65P},
      adsnote = {Provided by the SAO/NASA Astrophysics Data System}
}

@ARTICLE{2014PhRvD..89b3002D,
       author = {{Dillon}, Joshua S. and {Liu}, Adrian and {Williams}, Christopher L. and
         {Hewitt}, Jacqueline N. and {Tegmark}, Max and {Morgan}, Edward H. and
         {Levine}, Alan M. and {Morales}, Miguel F. and {Tingay}, Steven J. and
         {Bernardi}, Gianni and {Bowman}, Judd D. and {Briggs}, Frank H. and
         {Cappallo}, Roger C. and {Emrich}, David and {Mitchell}, Daniel A. and
         {Oberoi}, Divya and {Prabu}, Thiagaraj and {Wayth}, Randall and
         {Webster}, Rachel L.},
        title = "{Overcoming real-world obstacles in 21 cm power spectrum estimation: A method demonstration and results from early Murchison Widefield Array data}",
      journal = {\prd},
     keywords = {95.75.-z, 95.85.Bh, 98.80.-k, 98.80.Es, Observation and data reduction techniques, computer modeling and simulation, Radio microwave, Cosmology, Observational cosmology, Astrophysics - Cosmology and Extragalactic Astrophysics},
         year = "2014",
        month = "Jan",
       volume = {89},
       number = {2},
          eid = {023002},
        pages = {023002},
          doi = {10.1103/PhysRevD.89.023002},
archivePrefix = {arXiv},
       eprint = {1304.4229},
 primaryClass = {astro-ph.CO},
       adsurl = {https://ui.adsabs.harvard.edu/abs/2014PhRvD..89b3002D},
      adsnote = {Provided by the SAO/NASA Astrophysics Data System}
}

@ARTICLE{2016ApJ...833..102B,
       author = {{Beardsley}, A.~P. and {Hazelton}, B.~J. and {Sullivan}, I.~S. and
         {Carroll}, P. and {Barry}, N. and {Rahimi}, M. and {Pindor}, B. and
         {Trott}, C.~M. and {Line}, J. and {Jacobs}, Daniel C. and
         {Morales}, M.~F. and {Pober}, J.~C. and {Bernardi}, G. and
         {Bowman}, Judd D. and {Busch}, M.~P. and {Briggs}, F. and
         {Cappallo}, R.~J. and {Corey}, B.~E. and {de Oliveira-Costa}, A. and
         {Dillon}, Joshua S. and {Emrich}, D. and {Ewall-Wice}, A. and
         {Feng}, L. and {Gaensler}, B.~M. and {Goeke}, R. and
         {Greenhill}, L.~J. and {Hewitt}, J.~N. and {Hurley-Walker}, N. and
         {Johnston-Hollitt}, M. and {Kaplan}, D.~L. and {Kasper}, J.~C. and
         {Kim}, H.~S. and {Kratzenberg}, E. and {Lenc}, E. and {Loeb}, A. and
         {Lonsdale}, C.~J. and {Lynch}, M.~J. and {McKinley}, B. and
         {McWhirter}, S.~R. and {Mitchell}, D.~A. and {Morgan}, E. and
         {Neben}, A.~R. and {Thyagarajan}, Nithyanandan and {Oberoi}, D. and
         {Offringa}, A.~R. and {Ord}, S.~M. and {Paul}, S. and {Prabu}, T. and
         {Procopio}, P. and {Riding}, J. and {Rogers}, A.~E.~E. and {Roshi}, A. and
         {Udaya Shankar}, N. and {Sethi}, Shiv K. and {Srivani}, K.~S. and
         {Subrahmanyan}, R. and {Tegmark}, M. and {Tingay}, S.~J. and
         {Waterson}, M. and {Wayth}, R.~B. and {Webster}, R.~L. and
         {Whitney}, A.~R. and {Williams}, A. and {Williams}, C.~L. and {Wu}, C. and
         {Wyithe}, J.~S.~B.},
        title = "{First Season MWA EoR Power spectrum Results at Redshift 7}",
      journal = {\apj},
     keywords = {cosmology: observations, cosmology: reionization, Astrophysics - Instrumentation and Methods for Astrophysics, Astrophysics - Cosmology and Nongalactic Astrophysics},
         year = "2016",
        month = "Dec",
       volume = {833},
       number = {1},
          eid = {102},
        pages = {102},
          doi = {10.3847/1538-4357/833/1/102},
archivePrefix = {arXiv},
       eprint = {1608.06281},
 primaryClass = {astro-ph.IM},
       adsurl = {https://ui.adsabs.harvard.edu/abs/2016ApJ...833..102B},
      adsnote = {Provided by the SAO/NASA Astrophysics Data System}
}

@ARTICLE{2013MNRAS.433..639P,
       author = {{Paciga}, Gregory and {Albert}, Joshua G. and {Bandura}, Kevin and
         {Chang}, Tzu-Ching and {Gupta}, Yashwant and {Hirata}, Christopher and
         {Odegova}, Julia and {Pen}, Ue-Li and {Peterson}, Jeffrey B. and
         {Roy}, Jayanta and {Shaw}, J. Richard and {Sigurdson}, Kris and
         {Voytek}, Tabitha},
        title = "{A simulation-calibrated limit on the H I power spectrum from the GMRT Epoch of Reionization experiment}",
      journal = {\mnras},
     keywords = {intergalactic medium, cosmology: observations, diffuse radiation, radio lines: general, Astrophysics - Cosmology and Nongalactic Astrophysics},
         year = "2013",
        month = "Jul",
       volume = {433},
       number = {1},
        pages = {639-647},
          doi = {10.1093/mnras/stt753},
archivePrefix = {arXiv},
       eprint = {1301.5906},
 primaryClass = {astro-ph.CO},
       adsurl = {https://ui.adsabs.harvard.edu/abs/2013MNRAS.433..639P},
      adsnote = {Provided by the SAO/NASA Astrophysics Data System}
}
